@BOOK{Moore:1979:MAI,
  Address =	 {Philadelphia, PA, USA},
  Author =	 {Moore, R. E.},
  Pages =	 {xi + 190},
  Publisher =	 {Society for Industrial and Applied Mathematics},
  Title =	 {Methods and Applications of Interval Analysis},
  Year =	 {1979}
}

@BOOK{vonNeumann:1966:TSR,
  Author =	 {{von Neumann}, J.},
  Editor =	 {Burks, A. W.},
  Pages =	 {xix + 388},
  Title =	 {Theory of Self-Reproducing Automata},
  Year =	 {1966}
}

@BOOK{PRESSMAN:2016,
  Author = {{Pressman}, R. S},
  Publisher = {McGraw-Hill},
  Title = {Engenharia de Software: Uma Abordagem Profissional},
  Edition = {8a},
  Year = {2016}
}

@article{KesharwaniSingh2021,
title={A Review on Database Management Systems},
author={Kesharwani, Bhupendra Kumar and Singh, Jai Prakash},
journal={International Journal of Computer Sciences and Engineering},
volume={9},
number={4},
pages={157--162},
year={2021},
publisher={IJCSMC}
}

@book{HAREL:1987,
  title={Statecharts: A Visual Formalism for Complex Systems},
  author={David Harel},
  year={1987},
  publisher={Science of Computer Programming},
  address={New York, NY, USA},
  doi={10.1016/0167-6423(87)90035-9}
}

@techreport{OMG:2017,
    title = {{UML} 2.5.1},
    author = {{Object Management Group}},
    year = {2017},
    type = {formal document},
    institution = {Object Management Group},
    url = {https://www.omg.org/spec/UML/2.5.1/PDF/},
    urldate = {2022-11-14}
}

@book{book:chung:2000,
  added-at = {2008-05-21T10:06:29.000+0200},
  address = {Boston/Dordrecht/London},
  author = {Chung, Lawrence and Nixon, Brian A. and Yu, Eric and Mylopoulos, John},
  biburl = {https://www.bibsonomy.org/bibtex/2cc017ad2a658f821a124983891c04f6c/mschuber},
  interhash = {7fa39d8be358a3716ab25f81f2fe33ad},
  intrahash = {cc017ad2a658f821a124983891c04f6c},
  keywords = {2000 RE book engineering i-star requirement to-read},
  publisher = {Kluwer Academic Publishers},
  timestamp = {2008-09-09T12:58:00.000+0200},
  title = {Non-Functional Requirements in Software Engineering},
  year = 2000
}


@article{Bhatia2020,
title={MySQL as a Database Management System: A Review},
author={Bhatia, Divyanshi and Chhabra, Rishabh and Kaur, Harpreet},
journal={International Journal of Engineering and Advanced Technology},
volume={9},
issue={2},
pages={16--22},
year={2020},
publisher={IJREAT}
}

@article{Ali2020,
title={A Comprehensive Review of MySQL Database Management System},
author={Ali, Mudassar and Abbas, Wasim and Javed, Imran and Tariq, Saba},
journal={International Journal of Computer Science and Mobile Computing},
volume={9},
issue={2},
pages={196--206},
year={2020},
publisher={IJCSMC}
}

@article{Sathyanarayana2021,
title={MySQL Database Management System: A Comprehensive Review},
author={Sathyanarayana, T and Shanmugapriya, R},
journal={Journal of Engineering Research and Reports},
volume={20},
issue={3},
pages={1--13},
year={2021},
publisher={Scientific Research Publishing}
}

@book{Beck:2003:TDD:861319,
 author = {Beck, Kent},
 title = {Test Driven Development: By Example},
 year = {2003},
 isbn = {0321146530},
 publisher = {Addison-Wesley Professional},
 address = {Boston, MA, USA},
}

@book{humble2010continuous,
  title={Continuous Delivery: Reliable Software Releases through Build, Test, and Deployment Automation},
  author={Humble, Jez and Farley, David},
  year={2010},
  publisher={Addison-Wesley Professional}
}


@book{kaner1999testing,
title={Testing Computer Software},
author={Kaner, Cem and Falk, Jack and Nguyen, Hung Q},
year={1999},
publisher={John Wiley & Sons}
}

@book{Canfora:2009,
author = {Canfora, Gerardo and Di Penta, Massimiliano},
year = {2009},
month = {01},
pages = {78-105},
title = {Service-Oriented Architectures Testing: A Survey},
isbn = {978-3-540-95887-1},
journal = {Lecture Notes in Computer Science - LNCS},
doi = {10.1007/978-3-540-95888-8_4}
}

@book{Fowler1999,
  added-at = {2007-09-26T23:42:13.000+0200},
  address = {Boston, MA, USA},
  author = {Fowler, Martin},
  biburl = {https://www.bibsonomy.org/bibtex/27151885e8b8528651e048242f3527132/kimmens},
  description = {AOEvolutionchapter short paper},
  interhash = {955b704413985c65e6a0ba497d70b00e},
  intrahash = {7151885e8b8528651e048242f3527132},
  isbn = {0-201-48567-2},
  keywords = {evolution refactoring software},
  publisher = {Addison-Wesley},
  timestamp = {2007-09-26T23:42:13.000+0200},
  title = {Refactoring: Improving the Design of Existing Code},
  year = 1999
}

@book{ghezzi:2003,
  title={Fundamentals of Software Engineering},
  author={Ghezzi, Carlo and Jazayeri, Mehdi and Mandrioli, Dino},
  year={2003},
  publisher={Prentice Hall}
}

@BOOK{bass:2003,
  title={Software Architecture in Practice},
  author={Bass, Len and Clements, Paul and Kazman, Rick},
  year={2003},
  publisher={Addison-Wesley}
}
@BOOK{HIGHSMITH:2002,
  Author = {Highsmith, J},
  Publisher = {Addison-Wesley},
  Title = {Agile software development ecosystems},
  Year = {2002}
}

@

@article{FIELDING:2002,
  added-at = {2016-03-14T14:35:51.000+0100},
  author = {Fielding, Roy T. and Taylor, Richard N.},
  biburl = {https://www.bibsonomy.org/bibtex/2ea13548952b127295a7478d722c94aa0/melnik},
  doi = {10.1145/514183.514185},
  interhash = {474a8816c6d843f2a27d4f0f25423759},
  intrahash = {ea13548952b127295a7478d722c94aa0},
  issn = {15335399},
  journal = {ACM Transactions on Internet Technology},
  keywords = {rest webservice},
  month = may,
  number = 2,
  owner = {zazi},
  pages = {115--150},
  timestamp = {2016-03-14T14:35:51.000+0100},
  title = {{Principled design of the modern Web architecture}},
  url = {http://www.ics.uci.edu/\textasciitilde taylor/documents/2002-REST-TOIT.pdf},
  volume = 2,
  year = 2002
}

@BOOK{ELMASRI:2010,
  Author = {Elmasri, R. and Navathe, S. B},
  Publisher = {Addison-Wesley},
  Title = {Fundamentals of Database Systems},
  Year = {2010}
}

@BOOK{Silberschatz:2010,
  Author = {Silberschatz, A. and Korth, H. F. and Sudarshan, S.},
  Publisher = {McGraw-Hill},
  Title = {Database System Concepts},
  Year = {2010}
}

@BOOK{Date:2003,
  Author = {Date, C. J.},
  Publisher = {Addison-Wesley},
  Title = {An Introduction to Database Systems},
  Year = {2003}
}

@BOOK{Teorey:2006,
  Author = {Teorey, T. J. and Lightstone, S. S. and Nadeau, T.},
  Publisher = {Morgan Kaufmann},
  Title = {Database Modeling and Design: Logical Design},
  Year = {2006}
}


@BOOK{SOMMERVILLE:2011,
  Author = {Sommerville, I. },
  Publisher = {Pearson},
  Title = {Engenharia de Software},
  Edition = {9a},
  Year = {2011}
  }

  @BOOK{BOOCH:2007,
  Author = {Booch, G. and Rumbaugh, J. and Jacobson, I.},
  Publisher = {Addison-Wesley Professional},
  Title = {The Unified Modeling Language User Guide},
  Year = {2007}
  }


@BOOK{LARMAN:2011,
  Author = {LARMAN, Craig},
  Publisher = {Bookman},
  Title = {Utilizando UML e Padrões: uma introdução à análise e ao projeto orientados a objetos e ao desenvolvimento iterativo},
  Edition = {3ª},
  Year = {2011},
  Address = {Porto Alegre}
  }

@BOOK{O’BRIEN:2013,
  title={Administração de Sistemas de Informação},
  author={O'Brien, J.A. and Marakas, G.M.},
  isbn={9788580551112},
  url={https://books.google.com.br/books?id=qodDfhr\_zW0C},
  year={2013},
  publisher={AMGH} 
}

@MasterThesis{Canuto:2012,
    author = "Simone Aparecida Canuto",
    title = "Uma avaliação da aplicação das tecnologias da informação e
comunicação na agroindústria",
    year = "2012",
    address = "São Paulo",
    Pages = "141",
    type = "Tese de Doutorado (Engenharia de Produção)"
    }

@Book{Masshura:2020,
    Title = "{Agricultura digital: pesquisa, desenvolvimento e inovação nas cadeias produtivas}",
    Author = "Silvia Maria Fonseca Silveira Massruhá and
              Maria Angelica de Andrade Leite and
              Stanley Robson de Medeiros Oliveira and
              Carlos Alberto Alves Meira and
              Ariovaldo Luchiari Junior and 
              Édson Luis Bolfe",
    Year = "2020",
    Address = "Brasília, DF",
    Pages = "406"
    }
@Article{Valter:Lucas:2019,
    Author = "Valter A Martins and Lucas Freitas and Marilton S. de Aguiar and Lisane de Brisolara and Paulo Roberto Ferreira Jr.",
    Title = "Deep Learning aplicado à Identificação de Moscas
da Fruta em Armadilhas Inteligentes",
    Year = "2019",
    Address = "Pelotas",
    School = "Laboratório de Engenharia de Sistemas Ciber-Físicos, Centro de Desenvolvimento Tecnológico, Universidade Federal de Pelotas"
}

@Book{UCKELMANN:2011,
    Author = "Dieter Uckelmann and Mark Harrison and Florian Michahelles",
    Title = "Architecting the Internet of Things",
    Year = "2011",
    Pages = "356",
    ISBN = "9783-642-19156-5"

}
@url{Cepea:2021,
    author = "CEPEA",
    title = "PIB do Agronegócio Brasileiro",
    abstract = "PIB do Agronegócio Brasileiro de 1996 a 2021. Participação do
agronegócio no PIB do Brasil (em \%)",
    urldate = {2022-10-14},
    month = "oct",
    year = "2022",
    url = {https://www.cepea.esalq.usp.br/br/pib-do-agronegocio-brasileiro.aspx}
}

@url{BECK:2001,
    author = "BECK, K. et al.",
    title = "Manifesto for Agile Software Development",
    abstract = "Manifesto sobre as metodologias ágeis",
    urldate = {2023-05-23},
    month = "mar",
    year = "2001",
    url = {https://agilemanifesto.org/}
}

@url{suinocultura:2022,
    author = "Bruno Custodio",
    title = "O impacto da tecnologia no agronegócio e os desafios para 2021",
    urldate = {2022-11-21},
    month = "nov",
    year = "2022",
    url = "https://www.suinoculturaindustrial.com.br/imprensa/o-impacto-da-tecnologia-no-agronegocio-e-os-desafios-para-2021/20210406-172632-d849"}

@Article{Madakam:2015,
    author = "Somayya Madakam and R. Ramaswamy and Siddharth Tripathi",
    title = "Internet of things (iot): A literature review",
    pages = "10",
    journal = "Journal of Computer and Communications",
    year = "2015",
    volume = "03"
}

@inproceedings{schiopoiu2017development,
  title={The Development of the Critical Thinking as Strategy for Transforming a Traditional University into a Smart University},
  author={Schiopoiu, Ana Bela and Burdescu, Dumitru Dan},
  booktitle={Smart Education and e-Learning 2017},
  pages={67--74},
  year={2017}
}

@misc{roth-berghofer2013smart,
  title={Smart university, the university as a platform},
  author={Roth-Berghofer, Thomas},
  year={2013},
  url={https://smartuniversity.uwl.ac.uk/blog/?p=100}
}

@Article{pozzeti2022cidade,
  title={Cidade Inteligente Como Forma de Est{\'\i}mulo a Reocupação e Revitalização de Imóveis Abandonados no Centro de Manaus/AM},
  author={Pozzeti, Valmir C{\'e}sar and Hubner, Ricardo and Carneiro, Sacha Batista},
  booktitle={III Congresso Internacional de Direito e Inteligência Artificial (III CIDIA). Administração Pública, Meio Ambiente e Tecnologia},
  year={2022},
  address={Belo Horizonte, MG},
  pages={97},
  url={http://site.conpedi.org.br/publicacoes/4k5lvev7/sg18op76/q0xP1Ggr2MYn4q5t.pdf}
}

@book{moro19,
  author = {Morozov, Evgeny and Bria, Francesca},
  title = {A Cidade Inteligente: tecnologias urbanas e democracia},
  edition = {1},
  year = {2019},
  publisher = {Edu Editora},
  address = {São Paulo},
  translator = {Amaral, Humberto do}
}

 @Article{lazzaretti_sehnem_bencke_machado_2019,  title={Cidades inteligentes: insights e contribuições das pesquisas brasileiras},  volume={11},  ISSN={2175-3369},  url={https://doi.org/10.1590/2175-3369.011.001.e20190118},  DOI={10.1590/2175-3369.011.001.e20190118},  journal={urbe. Revista Brasileira de Gestão Urbana},  publisher={Pontifícia Universidade Católica do Paraná},  author={Lazzaretti, Kellen and Sehnem, Simone and Bencke, Fernando Fantoni and Machado, Hilka Pelizza Vier},  year={2019},  pages={e20190118} }

@Article{Pfeiffer:2018,
    author = "Pfeiffer, S. and Schlick, J.",
    title = " Industry 4.0 and the people factor: How to achieve sustainable workforce transformation",
    journal = "Journal of Management Information Systems,",
    year = "2018"
}

@Article{Silva:2018,
    author = "Silva, A. L. A. and Santos, T. D",
    title = "Smartfarms: a aplicação da indústria 4.0 na agricultura",
    journal = "Anais do Simpósio Brasileiro de Automação Inteligente ",
    year = "2018"
}

@Article{Al-Fuqaha:2015,
    author = "Al-Fuqaha, A. and Guizani, M. and Mohammadi, M. and Aledhari, M. and Ayyash, M. ",
    title = "Internet of things: A survey on enabling technologies, protocols, and applications",
    journal = "IEEE Communications Surveys & Tutorials",
    year = "2015"
}

@Article{Xu:2018,
    author = "Xu, S. and Zhang, L. and  Li, X",
    title = "Smart campus: architecture and technologies",
    journal = "IEEE Internet of Things Journal",
    year = "2018"
}

@Article{DeMasi:2019,
    author = "De Masi, F. and Manzini, R. and Silva, J. A",
    title = "Internet of things in industry 4.0: A survey.",
    journal = "IEEE Access",
    year = "2019"
}


@article{Atzori:2010,
author = {Atzori, Luigi and Iera, Antonio and Morabito, Giacomo},
year = {2010},
month = {10},
pages = {2787-2805},
title = {The Internet of Things: A Survey},
journal = {Computer Networks},
doi = {10.1016/j.comnet.2010.05.010}
}

@Article{Noronha:2014,
    Author = "Andy Noronha and Robert Moriarty and Kathy O’Connell and Nicola Villa",
    Title = "Attaining IoT Value: How To Move from Connecting Things to Capturing Insights Gain an Edge by Taking Analytics to the Edge",
    Year = "2014",
    Pages = "20",
    Journal = "Cisco"
}

@article{MUANGPRATHUB:2019,
    title = {IoT and agriculture data analysis for smart farm},
    journal = {Computers and Electronics in Agriculture},
    volume = {156},
    pages = {467-474},
    year = {2019},
    issn = {0168-1699},
    doi = {https://doi.org/10.1016/j.compag.2018.12.011},
    url = {https://www.sciencedirect.com/science/article/pii/S0168169918308913},
    author = {Jirapond Muangprathub and Nathaphon Boonnam and Siriwan Kajornkasirat and Narongsak Lekbangpong and Apirat Wanichsombat and Pichetwut Nillaor}
},

@MastersThesis{Aguiar:2005,
   author =       "Marilton Aguiar",
   title =        "Título da Monografia",
   school =       "Centro de Desenvolvimento Tecnológico, Universidade Federal de Pelotas",
   year =         "2005",
   type =         "Trabalho de Conclusão (Curso de Ciência da Computação)",
   pages =        "85",
   address =      "Pelotas"
}

@MastersThesis{PIERAZZOLI:2019,
   author =       "EUGÊNIO TEIXEIRA SCHREIBER PIERAZZOLI",
   title =        "SISTEMA ELETRÔNICO E COMPUTACIONAL BASEADO EM INTERNET DAS COISAS PARA EQUIPAMENTOS DE AGROPECUÁRIA DE PRECISÃO",
   school =       "Universidade Federal do Pampa",
   year =         "2019",
   type =         "Trabalho de Conclusão (Curso de Engenharia de Computação)",
   pages =        "85",
   address =      "Bagé"
}

@Article{IEEE:1990,
    Author = {IEEE - Institute of Eletrical and Eletronics Engineers},
    Title = {Standards Glossary of Software Engineering Terminology},
    Year = {1990},
    Address = {Std 610.12, N.Y.},
    Pages = {84}
}

@Article{Delfino:2012,
    Author = {Sérgio Roberto Delfino and Lucas Venezian Povoa and Ana Carla Rossinholi Pinto},
    Title = {ANÁLISE DE PERSISTÊNCIA DE IMAGENS MÉDICAS: UMA COMPARAÇÃO ENTRE OS SISTEMAS DE BANCOS DE DADOS MYSQL, POSTGRESQL E DERBY},
    Year = {2012},
    Address = {Ourinhos, São Paulo},
    Pages = {13}
}

@Article{mysense:2018,
    Author = "Raul Morais and Joaquim João Sousa and Emanuel Peres",
    title = "mySense: Soluções de IOT e de Integração de dados para aplicações de Agricultura de Precisão",
    School = "Universidade de Trás-os-Montes e Alto Douro",
    Address = "Portugal",
    Pages = "8",
    Year = "2018"
}

@Article{Schuh:1971,
    Author = "Edward Schuh and Eliseu Alves",
    Title = "Alternativas de Política Agrícola para o Brasil",
    Year = "1971",
    Address = "Rio de Janeiro",
    Pages = "26"
}

@MasterThesis{Rutz:2022,
    author = "Rafael Rutz dos Santos and Felipe de Souza Marques and Lisane Brisolara and Maiquel Canabarro",
    title = "Integração de Modelos de Propagação de Sinais no Simulador de Redes de Sensores sem Fio Ebocarum",
    school =       "Centro de Desenvolvimento Tecnológico, Universidade Federal de Pelotas",
    year = "2022",
    type =         "Trabalho de Conclusão (Curso de Engenharia da Computação)",
    pages =  "69",
    address =      "Pelotas"
}

@MasterThesis{Khun:2018,
    author = "Filipe Kuhn and Luciano Ogiboski",
    title = "Agricontrole Aplicativo Android para Gerenciamento Agrícola",
    school = "Universidade Tecnológica Federal do Paraná",
    year = "2018",
    type = "Trabalho de Conclusão (CURSO DE TECNOLOGIA EM SISTEMAS PARA INTERNET)",
    pages = "45",
    address = "Guarapuava"
}

@Book{Cormen,
  author =	"T. Cormen and C. Leiserson and R. Rivest",
  title =	"Introduction to Algorithms",
  publisher =	"{MIT} Press",
  year = 	"1990",
}

@Book{Sommerville:2003,
    author = "Ian Sommerville",
    title = "Engenharia de Software",
    year = "2003",
    pages = "592",
    isbn = "8588639076",
    edition = "6ª",
    address = "São Paulo",
    publisher = "Addison Wesley"
}

@book{Bezerra:2003,
    author = "Eduardo Bezerra",
    title = "Princípios de Análise e Projeto de Sistemas com UML",
    publisher = "Editora Campus",
    year = "2003",
    address = "Rio de Janeiro",
    pages = "286"
}

@book{Martins:2002,
    author = "Jose Carlos Cordeiro Martins",
    title = "Gestao De Projetos De Desenvolvimento De Software",
    publisher = "Editora Brasport",
    year = "2002",
    edition = "3ª",
    pages = "416"
}

@online{society_factsheet_2012,
	title = {Factsheet 417: {The} later stages of dementia},
	url = {https://www.alzheimers.org.uk/site/scripts/documents\_info.php?documentID=101},
	abstract = {An Alzheimer's Society factsheet on the later stages of dementia.},
	urldate = {2016-11-13},
	author = {Society, Alzheimer's},
	month = mar,
	year = {2012}
}

@Article{Joo:2015,
    Author = "T. W. Joo and S. B. Kim",
    Title = "Time series forecasting based on wavelet filtering",
    Year = "2015",
    address = "Expert Systems with Applications",
    Pages = "[S.l.], v.42, n.8, p.3868–3874"
}

@Article{Almeida:2015,
    Author = "Hyggo Almeida",
    Title = "Tudo conectado – Internet das Coisas",
    Year = "2015",
    Address = "Revista da Sociedade Brasileira de Computação"
}

@article{OGRADY:2017,
title = {Modelling the smart farm},
journal = {Information Processing in Agriculture},
volume = {4},
number = {3},
pages = {179-187},
year = {2017},
issn = {2214-3173},
doi = {https://doi.org/10.1016/j.inpa.2017.05.001},
url = {https://www.sciencedirect.com/science/article/pii/S2214317316301287},
author = {Michael J. O'Grady and Gregory M.P. O'Hare},
keywords = {Smart agriculture, Modelling, Sensing, Internet of things}
}

@article{MUSAT:2018,
title = {Advanced services for efficient management of smart farms},
journal = {Journal of Parallel and Distributed Computing},
volume = {116},
pages = {3-17},
year = {2018},
note = {Towards the Internet of Data: Applications, Opportunities and Future Challenges},
issn = {0743-7315},
doi = {https://doi.org/10.1016/j.jpdc.2017.10.017},
url = {https://www.sciencedirect.com/science/article/pii/S0743731517302939},
author = {George-Alexandru Musat and Mǎdǎlin Colezea and Florin Pop and Catalin Negru and Mariana Mocanu and Christian Esposito and Aniello Castiglione},
keywords = {Distributed systems, Internet of things, Internet of data, Smart farming},
}

@url{farmbox:2022,
    author = "FARMBOX",
    title = "FERRAMENTA PARA PODER DE DECISÃO AGRONÔMICA",
    urldate = {2022-10-15},
    month = "oct",
    year = "2022",
    url = {https://farmbox.com.br/}
}

@url{vitau:2023,
author = "Vitau",
title = "Plataforma Vitau IoT",
urldate = {2023-04-30},
month = "apr",
year = "2023",
url = {https://vitauautomation.com/platform.html}
}

@url{bancomundial:2022,
    author = "{Banco Mundial}",
    title = "Total de pessoas com acesso à internet em \%",
    urldate = {2022-11-21},
    month = "nov",
    year = "2022",
    url = {https://data.worldbank.org/indicator/IT.NET.USER.ZS}
}

@url{significados:2022,
    author = "Significados",
    title = "Software: o que é, tipos e exemplos",
    urldate = {2022-11-16},
    month = "nov",
    year = "2022",
    url = {https://www.significados.com.br/software/}
}

@url{vue:2014,
    author = "VueJS",
    title = "Documentação do VueJS",
    urldate = {2022-11-16},
    month = "nov",
    year = "2022",
    url = {https://vuejs.org/guide/introduction.html}
}

@url{ApexCharts:2022,
    author = {Juned Chhipa and other contributors},
    title = {Documentação do ApexCharts.js},
    organization = {GitHub},
    address = {https://github.com/apexcharts/apexcharts.js},
    edition = {4.4.0},
    month = {nov},
    year = {2022},
    urldate = {2022-11-16},
    url = {https://github.com/apexcharts/apexcharts.js}
}


@url{buefy:2022,
    author = "Buefy",
    title = "Documentação do Buefy",
    urldate = {2022-11-16},
    month = "nov",
    year = "2022",
    url = {https://buefy.org/documentation/}
}

@url{bulma:2022,
    author = "Bulma",
    title = "Documentação do Bulma",
    urldate = {2022-11-16},
    month = "nov",
    year = "2022",
    url = {https://bulma.io/documentation/}
}

@url{PHP:2022,
    author = "PHP",
    title = "Documentação do PHP",
    urldate = {2022-11-16},
    month = "nov",
    year = "2022",
    url = {https://www.php.net/docs.php}
}

@url{Postman:2023,
  author = {Postman},
  title = {Documentação do Postman},
  year = {2023},
  month = mai,
  url = {https://learning.postman.com/docs/},
  urldate = {2023-05-01}
}

@url{PHPUnit:2022,
    title = {Documentação do PHPUnit},
    author = {PHPUnit},
    organization = {The PHPUnit Development Team},
    year = {2022},
    url = {https://phpunit.readthedocs.io/en/9.5/},
    urldate = {2022-11-16}
}

@url{PageSpeedInsights:2023,
    title = {Documentação do PageSpeed Insights},
    author = {Google},
    organization = {Google Inc.},
    year = {2023},
    url = {https://developers.google.com/speed/docs/insights/},
    urldate = {2023-05-01}
}

@url{Cypress:2023,
    title = {Documentação do Cypress},
    author = {Cypress},
    organization = {Cypress.io},
    year = {2023},
    url = {https://docs.cypress.io/guides/overview/why-cypress},
    urldate = {2023-05-01}
}

@url{Trello:2023,
    title = {Documentação do Trello},
    author = {Trello},
    organization = {Atlassian},
    year = {2023},
    url = {https://help.trello.com},
    urldate = {2023-05-01}
}

@url{Jest:2023,
    title = {Documentação do Jest},
    author = {Facebook},
    organization = {Facebook Inc.},
    year = {2023},
    url = {https://jestjs.io/docs/en/getting-started},
    urldate = {2023-05-01}
}


@url{mysql:2022,
    author = "MySQL",
    title = "Documentação do MySQL",
    urldate = {2022-11-16},
    month = "nov",
    year = "2022",
    url = {https://dev.mysql.com/doc/}
}

@url{slim:2023,
author = "Slim",
title = "Documentação do Slim Framework",
urldate = {2023-04-09},
month = "abr",
year = "2023",
url = {https://www.slimframework.com/docs/}
}

@url{leaflet:2023,
author = "LeafletJS",
title = {Documentação do Leaflet.js},
url = {https://leafletjs.com/reference-1.7.1.html},
urldate = {2023-04-09},
month = {April},
year = {2023}
}

@url{PDO:2022,
    author = "PDO",
    title = "Documentação do PDO",
    urldate = {2022-11-16},
    month = "nov",
    year = "2022",
    url = {https://www.php.net/manual/en/book.pdo.php}
}

@url{VueStyleguidist:2023,
    author = "Vue Styleguidist",
    title = "Documentação do Vue Styleguidist",
    organization = "GitHub",
    address = "https://github.com/vue-styleguidist/vue-styleguidist/tree/master/docs",
    edition = "3.9.10",
    month = "nov",
    year = "2022",
    urldate = {2023-11-21},
    url = "https://github.com/vue-styleguidist/vue-styleguidist/tree/master/docs"
}

@url{PHPDocumentor:2023,
    author = "PHPDocumentor",
    title = "Documentação do PHPDocumentor",
    url = "https://docs.phpdoc.org/latest/index.html",
    urldate = {2022-11-16},
    month = "nov",
    year = "2022"
}

@url{Bootstrap:2023,
  author = {Bootstrap},
  title = {Documentação do Bootstrap},
  year = {2023},
  url = {https://getbootstrap.com/docs/5.1/getting-started/introduction/},
  urldate = {2023-02-09},
}

@inproceedings{zanini2021modelagem,
  title={Modelagem de uma RSSF para manejo de pragas em pomares usando o simulador Eboracum},
  author={Zanini, Felipe F and Souza, Wallace S de and Brisolara, Lisane B DE and Ferreira Jr, Paulo R},
  booktitle={Congresso Brasileiro de Agroinformática (SBiAgro)},
  year={2021},
  pages={1-10}
}

@article{freitas2022deep,
  title={Deep Learning Embedded into Smart Traps for Fruit Insect Pests Detection},
  author={Freitas, Lucas C and Martins, Valter A M and de Aguiar, Marilton S and de Brisolara, Lisane B and Ferreira Jr., Paulo R},
  journal={ACM Transactions on Intelligent Systems and Technology},
  year={2022}
}

@url{web:2022,
    author = "Visie",
    title = "Sistemas Web: O que é Importante Você Saber",
    urldate = {2022-11-16},
    month = "nov",
    year = "2022",
    url = {https://visie.com.br/2018/01/31/sistemas-web/}
}

@url{IBGE:2022,
    author = "IBGE",
    title = "API de localidades do Brasil",
    urldate = {2022-11-19},
    url = {https://servicodados.ibge.gov.br/api/docs/localidades/},
    month = "nov",
    year = "2022"
}

@url{stackoverflow:2022,
    author = "StackOverflow",
    title = "Stack Overflow 2021 Developer",
    urldate = {2022-11-16},
    month = "nov",
    year = "2022",
    url = {https://insights.stackoverflow.com/survey/2021#overview}
}

@url{hidrosedi:2022,
    author = "NEPE-HIDROSEDI",
    title = "Núcleo de Ensino, Pesquisa e Extensão em Hidrometria e Sedimentologia para o Manejo de Bacias Hidrográficas",
    urldate = {2022-10-15},
    month = "oct",
    year = "2022",
    url = {http://www.hidrosedi.com/}
}
